%% http://gking.harvard.edu/files/natnotes2.pdf
%% http://tex.stackexchange.com/questions/101696/formatting-multiple-references-containing-the-same-author
%% http://tex.stackexchange.com/questions/120722/how-to-modify-a-bibliography-style-to-surround-titles-in-quotes-in-a-bibliograph
\Sort{
  Mode{on}
  Collation{mixed}
  SortTypeOrder{key,name}
  NameOrder{descending}
  Key{{author,editor}}
  KeyOrder{ascending,nulls first}
  StringSort{ascending}
}

@article{Wolchover:2011,
  title={Men vs. Women: Our Key Physical Differences Explained},
  author={Natalie Wolchover},
  year={2011},
  publisher={Live Science}
}

@article{Lewis:1986,
  title={Physiological Differences Between Genders: Implications for Sports Conditioning},
  author={D.A. Lewis, E. Kamon, J.L. Hodgson},
  journal={Sports Medicine},
  volume={3},
  number={5},
  pages={357-369},
  year={1986},
  publisher={Pennsylvania State University, University Park}
}
	
	





